% This file was created with JabRef 2.6.
% Encoding: UTF-8


@BOOK{Agrawal2012,
  title = {Nonlinear Fiber Optics},
  publisher = {Academic Press},
  year = {2012},
  author = {Agrawal, Govind P.},
  edition = {5. Auflage},
  isbn = {978-0-12397-023-7}
}


@ELECTRONIC{ouet,
  author = {Krummrich, Peter M.},
  month = may,
  year = {2014},
  title = {Skript: Optische Übertragungstechnik}
}

@BOOK{Voges2002,
  title = {{Optische Kommunikationstechnik: Handbuch f\"{u}r Wissenschaft und
	Industrie}},
  publisher = {Springer-Verlag},
  year = {2002},
  editor = {Voges, Edgar and Petermann, Klaus},
  pages = {1110},
  isbn = {3-540-67213-3},
}




@BOOK{SuttonBarto,
  title = {Reinforcement Learning: An Introduction},
  author = {Richard S. Sutton and Andrew G. Barto},
  year = {2018},
  publisher = {The MIT Press},
  edition = {2nd edition}
}

@INPROCEEDINGS{PPO,
  title = {Proximal Policy Optimization Algorithms},
  author = {John Schulman and Filip Wolski and Prafulla Dhariwal and Alec Radford and Oleg Klimov},
  year = {1234},
  booktitle = {TO DO}
}

@INPROCEEDINGS{GAE,
  title = {High-Dimensional Continuous Control Using Generalized Advantage Estimation},
  author = {John Schulman and Philipp Moritz and Sergey Levine and Michael Jordan and Pieter Abbeel},
  year = {1234},
  booktitle = {TO DO}
}

@INPROCEEDINGS{NeuralMap,
  title = {Neural Map: Structured Memory for Deep Reinforcement Learning},
  author = {Emilio Parisotto and Ruslan Salakhutdinov},
  year = {1234},
  booktitle = {TO DO}
}

@ARTICLE{LSTM,
  title = {Long Short-Term Memory},
  author = {Sepp Hochreiter and Jürgen Schmidhuber},
  journal = {Neural Computation},
  year = {1997}
}

@INPROCEEDINGS{ForgetGate,
  title = {Learning to Forget: Continual Prediction with LSTM},
  author = {Felix A. Gers and Jürgen Schmidhuber and Fred Cummins},
  year = {1234},
  booktitle = {TO DO}
}

@misc{Baselines,
  author = {Dhariwal, Prafulla and Hesse, Christopher and Klimov, Oleg and Nichol, Alex and Plappert, Matthias and Radford, Alec and Schulman, John and Sidor, Szymon and Wu, Yuhuai and Zhokhov, Peter},
  title = {OpenAI Baselines},
  year = {2017},
  publisher = {GitHub},
  journal = {GitHub repository},
  howpublished = {\url{https://github.com/openai/baselines}},
}

@misc{Gym,
  Author = {Greg Brockman and Vicki Cheung and Ludwig Pettersson and Jonas Schneider and John Schulman and Jie Tang and Wojciech Zaremba},
  Title = {OpenAI Gym},
  Year = {2016},
  Eprint = {arXiv:1606.01540},
}

@INPROCEEDINGS{MemNN,
  title = {Control of Memory, Active Perception, and Action in Minecraft},
  author = {Junhyuk Oh and Valliappa Chockalingam and Satinder Singh and Honglak Lee},
  year = {2016},
  booktitle = {TO DO}
}

@INPROCEEDINGS{DNC,
  title = {Hybrid computing using a neural network with dynamic external memory},
  author = {Alex Graves et al.},
  year = {2016},
  booktitle = {TO DO}
}

@INPROCEEDINGS{AMRL,
  title = {AMRL: Aggregated Memory for Reinforcement Learning}
  author = {Jacob Beck and Kamil Ciosek and Sam Devlin and Sebastian Tschiatschek and Cheng Zhang and  Katja Hofmann},
  year = {2020},
  booktitle = {TO DO}
}

@INPROCEEDINGS{MappingPlanning,
  title = {Cognitive Mapping and Planning for Visual Navigation}
  author = {Saurabh Gupta and Varun Tolani and James Davidson and Sergey Levine and Rahul Sukthankar and itendra Malik},
  year = {2017},
  booktitle = {TO DO}
}


@INPROCEEDINGS{Go,
  title = {Mastering the game of Go with deep neural networks and tree search},
  author = {David Silver et al.},
  year = {2016},
  booktitle = {TO DO}
}